<record><leader>00000cas a2200000 a 4500</leader><controlfield tag="001">9632694</controlfield><controlfield tag="008">830622d18461901nyuwr ne      0   a0eng c</controlfield><datafield ind1=" " ind2=" " tag="010"><subfield code="a">sn 83030582 </subfield></datafield><datafield ind1=" " ind2=" " tag="040"><subfield code="a">NPU</subfield><subfield code="b">eng</subfield><subfield code="c">NPU</subfield><subfield code="d">NPW</subfield><subfield code="d">OCL</subfield><subfield code="d">NPA</subfield><subfield code="d">KNP</subfield><subfield code="d">MFN</subfield><subfield code="d">NVH</subfield><subfield code="d">MQN</subfield><subfield code="d">NYS</subfield><subfield code="d">YOX</subfield><subfield code="d">NYS</subfield><subfield code="d">MGN</subfield><subfield code="d">CNK</subfield><subfield code="d">NVK</subfield><subfield code="d">NVF</subfield><subfield code="d">OCL</subfield><subfield code="d">NYS</subfield><subfield code="d">OCLCQ</subfield><subfield code="d">GUA</subfield><subfield code="d">OCLCG</subfield><subfield code="d">KRTAS</subfield><subfield code="d">NVF</subfield><subfield code="d">OCLCQ</subfield><subfield code="d">OCLCF</subfield><subfield code="d">OCLCO</subfield></datafield><datafield ind1=" " ind2=" " tag="012"><subfield code="b">3</subfield></datafield><datafield ind1=" " ind2=" " tag="019"><subfield code="a">2167247</subfield></datafield><datafield ind1="1" ind2=" " tag="029"><subfield code="a">AU@</subfield><subfield code="b">000003307635</subfield></datafield><datafield ind1=" " ind2=" " tag="042"><subfield code="a">pcc</subfield></datafield><datafield ind1=" " ind2=" " tag="043"><subfield code="a">n-us-ny</subfield></datafield><datafield ind1="0" ind2=" " tag="130"><subfield code="a">Home journal (New York, N.Y.)</subfield></datafield><datafield ind1="1" ind2="4" tag="245"><subfield code="a">The home journal.</subfield></datafield><datafield ind1="1" ind2="3" tag="246"><subfield code="a">Morris &amp; Willis's home journal</subfield></datafield><datafield ind1="3" ind2=" " tag="246"><subfield code="a">Morris and Willis's home journal</subfield></datafield><datafield ind1=" " ind2=" " tag="260"><subfield code="a">New-York [N.Y.] :</subfield><subfield code="b">Morris &amp; Willis,</subfield><subfield code="c">1846-1901.</subfield></datafield><datafield ind1="3" ind2=" " tag="260"><subfield code="3">&lt;1869-&gt;</subfield><subfield code="a">New-York [N.Y.] :</subfield><subfield code="b">Morris Phillips, J.H. Elliot, and Geo. Perry</subfield></datafield><datafield ind1=" " ind2=" " tag="300"><subfield code="a">v. ;</subfield><subfield code="c">63 cm.</subfield></datafield><datafield ind1=" " ind2=" " tag="310"><subfield code="a">Weekly</subfield></datafield><datafield ind1="0" ind2=" " tag="362"><subfield code="a">New ser., no. 1 (Nov. 21, 1846)- = Whole no. 41-</subfield></datafield><datafield ind1="1" ind2=" " tag="362"><subfield code="a">Ceased Mar. 23, 1901.</subfield></datafield><datafield ind1=" " ind2=" " tag="500"><subfield code="a">Published every Saturday.</subfield></datafield><datafield ind1=" " ind2=" " tag="500"><subfield code="a">"The first series of a new series of the National Press, remodelled and improved, is issued this day under the title of The Home Journal."</subfield></datafield><datafield ind1=" " ind2=" " tag="500"><subfield code="a">"For the cultivation of the memorable, the progressive, and the beautiful."</subfield></datafield><datafield ind1=" " ind2=" " tag="500"><subfield code="a">Editors: Geo. P. Morris and N.P. Willis, 1846-</subfield></datafield><datafield ind1=" " ind2=" " tag="525"><subfield code="a">Supplements accompany some issues.</subfield></datafield><datafield ind1=" " ind2=" " tag="530"><subfield code="a">Also issued on microfilm and online.</subfield></datafield><datafield ind1=" " ind2=" " tag="588"><subfield code="a">Latest issue consulted: Feb. 10, 1969.</subfield></datafield><datafield ind1=" " ind2="0" tag="651"><subfield code="a">New York (N.Y.)</subfield><subfield code="v">Newspapers.</subfield></datafield><datafield ind1=" " ind2="0" tag="651"><subfield code="a">New York County (N.Y.)</subfield><subfield code="v">Newspapers.</subfield></datafield><datafield ind1=" " ind2="7" tag="655"><subfield code="a">Newspapers.</subfield><subfield code="2">fast</subfield><subfield code="0">(OCoLC)fst01423814</subfield></datafield><datafield ind1=" " ind2="7" tag="651"><subfield code="a">New York (State)</subfield><subfield code="z">New York.</subfield><subfield code="2">fast</subfield><subfield code="0">(OCoLC)fst01204333</subfield></datafield><datafield ind1=" " ind2="7" tag="651"><subfield code="a">New York (State)</subfield><subfield code="z">New York County.</subfield><subfield code="2">fast</subfield><subfield code="0">(OCoLC)fst01234953</subfield></datafield><datafield ind1="1" ind2=" " tag="700"><subfield code="a">Morris, George Pope,</subfield><subfield code="d">1802-1864.</subfield></datafield><datafield ind1="1" ind2=" " tag="700"><subfield code="a">Willis, Nathaniel Parker,</subfield><subfield code="d">1806-1867.</subfield></datafield><datafield ind1=" " ind2=" " tag="752"><subfield code="a">United States</subfield><subfield code="b">New York</subfield><subfield code="c">New York</subfield><subfield code="d">New York.</subfield></datafield><datafield ind1="1" ind2=" " tag="776"><subfield code="t">Home journal (New York, N.Y.: Online)</subfield><subfield code="w">(DLC)  2007233816</subfield><subfield code="w">(OCoLC)70787190</subfield></datafield><datafield ind1="0" ind2="0" tag="780"><subfield code="t">Morris' national press</subfield><subfield code="w">(DLC)sn 83030684</subfield><subfield code="w">(OCoLC)9632642</subfield></datafield><datafield ind1="0" ind2="0" tag="785"><subfield code="t">Town &amp; country (New York, N.Y.)</subfield><subfield code="x">0040-9952</subfield><subfield code="w">(DLC)   57039998</subfield><subfield code="w">(OCoLC)5878257</subfield></datafield><datafield ind1="4" ind2="1" tag="856"><subfield code="u">http://proquest.umi.com/pqdweb</subfield></datafield><datafield ind1=" " ind2=" " tag="938"><subfield code="a">Kirtas Technologies, Inc.</subfield><subfield code="b">KRTS</subfield><subfield code="n">736941</subfield></datafield></record>